<?xml version="1.0" encoding="UTF-8"?><record xmlns="http://www.loc.gov/MARC21/slim" xmlns:cinclude="http://apache.org/cocoon/include/1.0" xmlns:zs="http://www.loc.gov/zing/srw/">
  <leader>00443nz  a2200121n  4500</leader>
  <controlfield tag="001">n  85205800 </controlfield>
  <controlfield tag="003">DLC</controlfield>
  <controlfield tag="005">19860228164514.7</controlfield>
  <controlfield tag="008">851029n| acannaab|          |n aaa ||| b</controlfield>
  <datafield tag="010" ind1=" " ind2=" ">
    <subfield code="a">n  85205800 </subfield>
  </datafield>
  <datafield tag="040" ind1=" " ind2=" ">
    <subfield code="a">DNLM</subfield>
    <subfield code="c">DLC</subfield>
  </datafield>
  <datafield tag="100" ind1="1" ind2="0">
    <subfield code="a">Larsen, Lawrence E.</subfield>
  </datafield>
  <datafield tag="670" ind1=" " ind2=" ">
    <subfield code="a">Medical applications of microwave imaging, c1986:</subfield>
    <subfield code="b">CIP t.p. (Lawrence E. Larsen) CIP galleys (Walter Reed Army Institute of Research, Washington, D.C.; dept. chief of microwave research)</subfield>
  </datafield>
</record>